% This file was created with JabRef 2.10.
% Encoding: Cp1252

@book{citaPruebaMiri,
	address = {Toronto},
	author = {Yuval Noah Harari},
	title = {{Sapiens: a brief history of humankind}},
	year = {2014}
}

@unpublished{SilviaTFM,
	author = {Silvia Castillo Sagasta},
	title = {Prototipo de guante de fibra óptica para monitorización de personas con movilidad reducida},
	date = {},
	month = {Marzo},
	year = {2018},
}

@misc{imgNucleoFibra,
	author = {},
	title = {Núcleo fibra},
	url = {https://fusicom.es/normativa-ict/nucleo-fibra/},
	year = {2018},
}
@misc{ventanasFO,
	author = {Sergio Schnitzler},
	title = {Fibras ópticas},
	url = {http://www.yio.com.ar/fo/ventanas.html},
}

@misc{imgCapasFO,
	author = {James Chen K.},
	title = {¿Qué es la "fibra óptica" ? y ¿ Porqué utilizarlas ? },
	url = {http://apacoe.weebly.com/conocimiento/que-es-la-fibra-optica}
	year = {2015},
}

@misc{fabricacionFO,
	author = {Ignacio Mungía},
	title = {¿Cómo se fabrica la fibra óptica?},
	url = {https://www.xatakaciencia.com/tecnologia/como-se-fabrica-la-fibra-optica}
	year = {2010},
}

@misc{imgRadioModo,
	title = {Fundamentos de las Fibras Ópticas},
	url = {http://fibraoptica.blog.tartanga.eus/fundamentos-de-las-fibras-opticas/},
}

@book{tutorialFOpaper,
	address = {Toronto},
	author = {Yuval Noah Harari},
	title = {{Sapiens: a brief history of humankind}},
	year = {2014},
}

@misc{txFO,
	author = {Mariana},
	title = {Fibra óptica: ¿Qué es?, tipos, características y ventajas.(Infografía)
	},
	url = {https://www.pandaancha.mx/noticias/fibra-optica-caracteristicas-ventajas.html}
	year = {2015},
}

@misc{FOA,
	author = {The Fiber Optic Association, Inc},
	title = {Fibra óptica - Tipos de fibra},
	url = {http://www.thefoa.org/ESP/Fibra_optica.htm},
}

@Satandard{geometriaBasicaFP,
	author = {Roychoudhuri, Chandrasekhar and Pedrotti, Leno},
	booktitle = {Fundamentals of Photonics},
	doi = {10.1117/3.784938.ch3},
	isbn = {6095736250},
	pages = {73--116},
	title = {{Basic Geometrical Optics}},
	year = {2009},
}
@Standard{imgMonoMulti,
	author = {Rüdiger Paschotta},
	journal = {Optik and Photonik},
	number = {2},
	pages = {52--55},
	title = {{Optical Fiber Technology - Physical Principles and Applications of Different Types of Optical Fibers}},
	year = {2008},
}

@misc{TransRecepFO,
	title = {Emisores y receptores de fibra optica},
	url = {https://servestandarwanpppoe.wordpress.com/2015/07/31/emisores-y-receptores-de-fibra-optica/},
}

@misc{TipConectoresFO,
	title = {Tipos de conectores y usos},
	url = {https://sites.google.com/site/stigestionydesarrollo/recuperacion/desarrollo-1/tema11/8---propiedades-y-tipos-de-conectores-de-fibra-optica},
}

@misc{FOAconect,
	author = {The Fiber Optic Association, Inc},
	title = {Conectores y empalmes},
	url = {http://www.thefoa.org/ESP/Conectores.htm},
}

@misc{sensoresOpticos,
	author = {Concepción Pérez COnde},
	title = {Sensores ópticos},
	year = {1996},
}

@misc{tesisUPMmalte,
	author = {Malte Frovel},
	title = {Sensores de fibra óptica tipo redes de Bragg embebidos en material compuesto para medir deformaciones y temperaturas criogénicas},
	year = {2006},
	address = {Escuela técnica superior de ingenieros aeronáuticos, Universidad Politécnica de Madrid},
}

@book{FOSensorFrancis,
	author = {Francis T. S. Yu, Shizhuo Yin},
	isbn = {082470732X},
	title = {{Fiber Optic Sensors}},
	address = {The Pennsylvania State University},
	year = {2002},
}

@article{funcionamientoFBG,
	author = {Navarro-henr{\'{i}}quez, Francisco},
	keywords = {fbg,interrogador {\'{o}}ptico,monitoreo de salud estructural,rejilla de fibra bragg,sensores de fibra {\'{o}}ptica,sensores fbg de esfuerzo,y vibraci{\'{o}}n},
	number = {506},
	pages = {3--13},
	title = {{Sensores de fibra {\'{o}}ptica FBG para el monitoreo de la salud estructural de los puentes Structural Health Monitoring of Bridges with Fiber Bragg Grating Sensors}},
	volume = {27},
	year = {2014}
}

@article{defFBG,
	author = {Alan D. Kersey, Michael A. Davis, Heather J. Patrick, Michel LeBlanc, K. P. Koo},
	number = {8},
	pages = {1442--1463},
	title = {Fiber Grating Sensors},
	volume = {15},
	year = {1997}
}

@misc{termoDeformFBG,
	title = {¿Qué es una red de Bragg en fibra?},
	url = {https://www.hbm.com/es/4596/que-es-una-red-de-bragg-en-fibra/},
}
 
@misc{flexibleFBG,
	title = {Flexible sensing skin with embedded fibre Bragg gratings},
	url = {https://en.wikipedia.org/wiki/File:PhosFos_flexible_skin_demo.jpg},
	author = {P. Dubruel},
	year = {2010},
}

@article{nedomaPDMS,
	author = {Nedoma, Jan and Fajkus, Marcel and Bednarek, Lukas and Frnda, Jaroslav and Zavadil, Jan and Vasinek, Vladimir},
	doi = {10.15598/aeee.v14i4.1786},
	issn = {18043119},
	journal = {Advances in Electrical and Electronic Engineering},
	keywords = {Encapsulated,Fiber Brag grating,Polydimethylsiloxane,Spectral characteristic,Temperature sensitivity},
	number = {4 Special Issue},
	pages = {460--466},
	title = {{Encapsulation of FBG sensor into the PDMS and its effect on spectral and temperature characteristics}},
	volume = {14},
	year = {2016}
}


@article{propPDMS,
	author = {Santiago-Alvarado, A. and V{\'{a}}squez-Montiel, S.},
	journal = {Superficies y Vacio},
	number = {3},
	pages = {61--66},
	title = {{Propiedades f{\'{i}}sico-qu{\'{i}}micas de membranas PDMS empleadas en lentes l{\'{i}}quidas}},
	url = {http://smcsyv.fis.cinvestav.mx/supyvac/22{\_}3/SV2236109.pdf},
	volume = {22},
	year = {2009}
}

@misc{liquidoPDMS,
	title = {Degas PDMS in two minutes},
	author = {Francesca Burgoyne},
	url = {http://blogs.rsc.org/chipsandtips/2010/08/17/degas-pdms-in-two-minutes/?doing_wp_cron=1520125055.0960030555725097656250},
}

@misc{solidoPDMS,
	title = {A simple and economical holder for casting PDMS chips},
	author = {Francesca Burgoyne},
	url = {http://blogs.rsc.org/chipsandtips/2009/11/20/a-simple-and-economical-holder-for-casting-pdms-chips/},
}

@online{LabVIEWpage,
	ALTauthor = {National Instruments},
	ALTeditor = {editor},
	title = {¿Qué es LabVIEW?},
	date = {date},
	url = {LabVIEWyt},
}

@book{LabVIEWbook,
	author = {José Rafel Lajara Vizcaíno, José Pelegrí Sebastiá},
	isbn = {9788426716965},
	title = {LabVIEW - Entorno gráfico de programación},
	address = {The Pennsylvania State University},
	year = {2011},
}

@misc{LabVIEWyt,
	title = {Ejemplo Básico en LabVIEW},
	author = {
	Jhon Barreiro
	},
	url = {https://www.youtube.com/watch?v=YhKzN65oryI},
	year = {2016},
}


@misc{fuente,
	title = {DL-BP1-1501A SLED - Superluminescent LED with integrated optical circulator},
	author = {
	Ibsen
	},
	url = {https://ibsen.com/products/interrogation-monitors/light-sources/dl-bp1-1501a-sled/},
}

@misc{interrogador,
	title = {I-MON 256 USB / 512 USB},
	author = {
	Ibsen
	},
	url = {https://ibsen.com/products/interrogation-monitors/i-mon-usb/i-mon-256-512-usb/},
}

@misc{SketchUp,
	title = {SketchUp},
	url = {https://www.sketchup.com/es},
}










































































@Standard{ictus_def,
  Title                    = {Ictus},
  Organization             = {Observatorio del ictus},
  Url                      = {http://www.observatoriodelictus.com/index.php/que-es-un-ictus},
}

@Standard{prueba,
	Title                    = {Ictus},
	Organization             = {prueba},
	Url                      = {http://www.observatoriodelictus.com/index.php/que-es-un-ictus},
}
@Standard{ictuss,
  Title                    = {Ictus Datos},
  Organization             = {Federación espñola de Ictus},
  Url                      = {https://ictusfederacion.es/infoictus},
}


@Standard{ictus_datos,
  Title                    = {Datos de ictus España},
  Organization             = {Naurocall},
  Url                      = {http://www.neurocall.es/en/ictus-eng/62-estadisticas-del-ictus.html},
}


@Standard{secuelas,
  Title                    = {Secuelas y complicaciones tras ictus},
  Url                      = {http://www.guiasalud.es/egpc/ictus_ap/resumida/apartado06/manejo_alta03.html},
}

@Standard{gasto,
  Title		      = {Gasto asociado al cuidado de un enfermo},
  Url                    = {http://www.elmundo.es/suplementos/salud/2007/733/1196463608.html},
}

@Standard{begona,
  Title		      = {Procesado de señales proporcionadas por sensores inerciales: Evaluación de la marcha post-ictus.},
author 	     ={Rodero Lasheras, Begoña},
URL                     ={http://academica-e.unavarra.es/bitstream/handle/2454/21879/TFG_MB_Rodero_Lasheras.pdf?sequence=1&isAllowed=y},

}

@Standard{gaitrite,
  Title		      = {Validity of the GAITRite1 walkway system for the measurement of averaged and individual step parameters of gait.},
author 	     ={Kate E. Webster, Joanne E. Wittwer, julian A. Feller},
}

@Standard{techniques,
  Title		      = {Measurement Techniques for Gait Analysis.},
author 	     ={Hilary M. Clayton , Henk C. Schamhardt},
URL                     ={http://citeseerx.ist.psu.edu/viewdoc/download?doi=10.1.1.475.1447&rep=rep1&type=pdf},
}

@Standard{techniques2,
  Title		      = {A review and evaluation of available gait analysis technologies, and their potential for the measurement of impact transmission },
author 	     ={R.G. Morris, S. E. M. Lawson},
  Organization             = {Newcastle University},
}

@Standard{opt,
  Title		      = {Technical quality assessment of an optoelectronic system for movement analysis },
author 	     ={R Di Marco, S Rossi, F Patanè, P Cappa},
  Organization             = {University of Tuscia,Viterbo, Italy.},
}

@Standard{shoes,
  Title		      = {Ambulatory assessment of walking balance after stroke using instrumented shoes.},
author 	     ={Fokke B. Van Meulen, Dirk Weenk, Jaap H- Buurke, Bert-Jan F. Van Baijnum,  Peter H. Veltnik},
URL                     ={http://jneuroengrehab.biomedcentral.com/articles/10.1186/s12984-016-0146-5},
}

@Standard{infra,
  Title		      = {Using infrared sensors for distance measurement in mobile robots.},
author 	     ={G. Benet, F. Blanes, J.E. Simó, P. Pérez},
URL                     ={https://pdfs.semanticscholar.org/79ce/8e7294c2125749da28c85cdfa28f5c802f02.pdf},
}


@Standard{forceshoe,
  Title		      = {Xsens ForceShoe leaflet},
author 	     ={Xsens ForceShoe},
URL                     ={https://www.xsens.com/images/stories/products/PDF_Brochures/forceshoe%20leaflet.pdf},
}

@Standard{forceshoe,
  Title		      = {Xsens ForceShoe leaflet},
author 	     ={Xsens ForceShoe},
URL                     ={https://www.xsens.com/images/stories/products/PDF_Brochures/forceshoe%20leaflet.pdf},
}





