Automatically generated by Mendeley Desktop 1.19.3
Any changes to this file will be lost if it is regenerated by Mendeley.

BibTeX export options can be customized via Options -> BibTeX in Mendeley Desktop

@article{Gracia2015a,
author = {Gracia, Arnau Capell},
file = {:C$\backslash$:/Users/Guante/AppData/Local/Mendeley Ltd./Mendeley Desktop/Downloaded/Gracia - 2015 - Design and Implementation of a.pdf:pdf},
keywords = {experiments,hybrid control,stability},
pages = {1--76},
title = {{Design and Implementation of a}},
year = {2015}
}
@misc{Avelinoa,
author = {Avelino, Herrera Morales},
title = {{Control de velocidad tipo PID para un motor DC}},
url = {http://avelino.atlantes.org/blog/index.php?entry=entry150121-152524}
}
