Automatically generated by Mendeley Desktop 1.19.3
Any changes to this file will be lost if it is regenerated by Mendeley.

BibTeX export options can be customized via Options -> BibTeX in Mendeley Desktop

@book{YuvalNoahHarari2014,
address = {Toronto},
author = {{Yuval Noah Harari}},
title = {{Sapiens: a brief history of humankind}},
year = {2014}
}
