Automatically generated by Mendeley Desktop 1.19.4
Any changes to this file will be lost if it is regenerated by Mendeley.

BibTeX export options can be customized via Options -> BibTeX in Mendeley Desktop

@article{Chrisa,
author = {Chris, McGrady},
title = {{¿Con o sin escobillas? ¿Qu{\'{e}} motor de CC deber{\'{i}}a elegir?}},
url = {https://www.arrow.com/es-mx/research-and-events/articles/which-dc-motor-is-best-for-your-application}
}
@misc{Josepha,
author = {Joseph, Flint},
title = {{ABS Vs PLA Shootout}},
url = {http://3dinsider.com/abs-vs-pla-shootout/}
}
@misc{Antonya,
author = {Antony, Garc{\'{i}}a Gonz{\'{a}}lez},
title = {{¿Qu{\'{e}} es y c{\'{o}}mo funciona un servomotor?}},
url = {http://panamahitek.com/que-es-y-como-funciona-un-servomotor/}
}
@misc{Nicka,
author = {Nick, Lievendag},
title = {{3D Printing Filament Guide 2017: ABS vs PLA vs many materials}},
url = {http://nicklievendag.com/filament-guide/}
}
@misc{Agustina,
author = {Agust{\'{i}}n, Arnedo},
title = {{Materiales con memoria de forma, el Nitinol}},
url = {https://www.seas.es/blog/diseno{\_}mecanico/materiales-con-memoria-de-forma-el-nitinol/}
}
@misc{Dicyta,
author = {Dicyt},
title = {{Un material "con memoria" para la industria m{\'{e}}dica}},
url = {http://www.dicyt.com/viewNews.php?newsId=29194}
}
@misc{Festoa,
author = {Festo},
title = {{Airic's{\_}arm}},
url = {https://www.festo.com/group/es/cms/10247.htm}
}
@article{Susanaa,
author = {Susana, Sanchez},
title = {{Descubriendo los pl{\'{a}}sticos de la impresi{\'{o}}n 3D}},
url = {http://www.3dnatives.com/es/plasticos-impresion-3d-22072015/}
}
