Automatically generated by Mendeley Desktop 1.19.4
Any changes to this file will be lost if it is regenerated by Mendeley.

BibTeX export options can be customized via Options -> BibTeX in Mendeley Desktop

@article{Luisc,
author = {Luis, del Valle Hern{\'{a}}ndez},
title = {{I2C c{\'{o}}mo conectar dos Arduino mediante este protocolo}},
url = {https://programarfacil.com/blog/conectar-dos-arduinos-i2c/}
}
@misc{Luisb,
author = {Luis, del Valle Hern{\'{a}}ndez},
title = {{Adafruit Motor Shield, controlando motores con Arduino}},
url = {https://programarfacil.com/blog/arduino-blog/adafruit-motor-shield-arduino/}
}
