Automatically generated by Mendeley Desktop 1.19.3
Any changes to this file will be lost if it is regenerated by Mendeley.

BibTeX export options can be customized via Options -> BibTeX in Mendeley Desktop

@misc{Diariodicen.esa,
author = {Diariodicen.es},
title = {{La autonom{\'{o}}a de las pr{\'{o}}tesis ya es un hecho}},
url = {https://www.diariodicen.es/201705/la-autonomia-de-las-protesis-ya-es-un-hecho/}
}
@article{Saal2017a,
abstract = {When we grasp and manipulate an object, populations of tactile nerve fibers become activated and convey information about the shape, size, and texture of the object and its motion across the skin. The response properties of tactile fibers have been extensively characterized in single-unit recordings, yielding important insights into how individual fibers encode tactile information. A recurring finding in this extensive body of work is that stimulus information is distributed over many fibers. However, our understanding of population-level representations remains primitive. To fill this gap, we have developed a model to simulate the responses of all tactile fibers innervating the glabrous skin of the hand to any spatiotemporal stimulus applied to the skin. The model first reconstructs the stresses experienced by mechanoreceptors when the skin is deformed and then simulates the spiking response that would be produced in the nerve fiber innervating that receptor. By simulating skin deformations across the palmar surface of the hand and tiling it with receptors at their known densities, we reconstruct the responses of entire populations of nerve fibers. We show that the simulated responses closely match their measured counterparts, down to the precise timing of the evoked spikes, across a wide variety of experimental conditions sampled from the literature. We then conduct three virtual experiments to illustrate how the simulation can provide powerful insights into population coding in touch. Finally, we discuss how the model provides a means to establish naturalistic artificial touch in bionic hands.},
author = {Saal, Hannes P and Delhaye, Benoit P and Rayhaun, Brandon C and Bensmaia, Sliman J},
doi = {10.1073/pnas.1704856114},
file = {:C$\backslash$:/Users/Miriam/AppData/Local/Mendeley Ltd./Mendeley Desktop/Downloaded/Saal et al. - 2017 - Simulating tactile signals from the whole hand with millisecond precision.pdf:pdf},
issn = {1091-6490},
journal = {Proceedings of the National Academy of Sciences of the United States of America},
keywords = {computational model,mechanoreceptor,skin mechanics,somatosensory periphery,tactile afferent},
pages = {201704856},
pmid = {28652360},
title = {{Simulating tactile signals from the whole hand with millisecond precision.}},
url = {http://www.ncbi.nlm.nih.gov/pubmed/28652360},
year = {2017}
}
@misc{Mar2017a,
author = {Mar, De Miguel},
title = {{Una pr{\'{o}}tesis de mano que 've' y se mueve por s{\'{i}} misma}},
url = {http://www.elmundo.es/ciencia-y-salud/salud/2017/05/03/5909f25ae2704eec588b467d.html},
year = {2017}
}
@article{Susanaa,
author = {Susana, Sanchez},
title = {{Descubriendo los pl{\'{a}}sticos de la impresi{\'{o}}n 3D}},
url = {http://www.3dnatives.com/es/plasticos-impresion-3d-22072015/}
}
@misc{Luisb,
author = {Luis, del Valle Hern{\'{a}}ndez},
title = {{Adafruit Motor Shield, controlando motores con Arduino}},
url = {https://programarfacil.com/blog/arduino-blog/adafruit-motor-shield-arduino/}
}
@article{Chrisa,
author = {Chris, McGrady},
title = {{¿Con o sin escobillas? ¿Qu{\'{e}} motor de CC deber{\'{i}}a elegir?}},
url = {https://www.arrow.com/es-mx/research-and-events/articles/which-dc-motor-is-best-for-your-application}
}
@article{Luisc,
author = {Luis, del Valle Hern{\'{a}}ndez},
title = {{I2C c{\'{o}}mo conectar dos Arduino mediante este protocolo}},
url = {https://programarfacil.com/blog/conectar-dos-arduinos-i2c/}
}
@misc{Avelinoa,
author = {Avelino, Herrera Morales},
title = {{Control de velocidad tipo PID para un motor DC}},
url = {http://avelino.atlantes.org/blog/index.php?entry=entry150121-152524}
}
@misc{Dicyta,
author = {Dicyt},
title = {{Un material "con memoria" para la industria m{\'{e}}dica}},
url = {http://www.dicyt.com/viewNews.php?newsId=29194}
}
@misc{Josepha,
author = {Joseph, Flint},
title = {{ABS Vs PLA Shootout}},
url = {http://3dinsider.com/abs-vs-pla-shootout/}
}
@misc{FranciscoJaviera,
author = {{Francisco Javier}, Ortiz Ortiz},
title = {{Bioingeier{\'{i}}a - Pr{\'{o}}tesis bi{\'{o}}nicas para manos}},
url = {http://www.monografias.com/trabajos96/bioingenieria-protesis-bionicas-manos/bioingenieria-protesis-bionicas-manos.shtml}
}
@article{ManuelDoradorGonzalez2004a,
abstract = {Se autoriza la reproducci{\'{o}}n total o parcial de este art{\'{i}}culo, siempre y cuando se cite la fuente completa y su direcci{\'{o}}n electr{\'{o}}nica. Se autoriza la reproducci{\'{o}}n total o parcial de este art{\'{i}}culo, siempre y cuando se cite la fuente completa y su direcci{\'{o}}n electr{\'{o}}nica. 2 -15 Rob{\'{o}}tica y pr{\'{o}}tesis inteligentes RESUMEN La sustituci{\'{o}}n por p{\'{e}}rdida de miembros humanos por artefactos distintos a los naturales es una realidad desde hace m{\'{a}}s de dos mil a{\~{n}}os. Con el tiempo los inventos en los campos de la rob{\'{o}}tica, en particular de la bi{\'{o}}nica, han proporcionado al ser humano extremidades complementarias que cada d{\'{i}}a se perfeccionan. En este art{\'{i}}culo, los autores, presentan los diversos experimentos electromec{\'{a}}nicos que han realizado para avanzar en las etapas de su proyecto " Dise{\~{n}}o de pr{\'{o}}tesis Inteligentes " y perfeccionar la construcci{\'{o}}n de una pr{\'{o}}tesis inteligente de miembro superior.},
author = {{Manuel Dorador Gonz{\'{a}}lez}, Jes{\'{u}}s and {R{\'{i}}os Murillo}, Patricia and {Flores Luna}, Itzel and {Ju{\'{a}}rez Mendoza}, Ana},
file = {:C$\backslash$:/Users/Miriam/AppData/Local/Mendeley Ltd./Mendeley Desktop/Downloaded/Manuel Dorador Gonz{\'{a}}lez et al. - 2004 - Rob{\'{o}}tica Y Pr{\'{o}}tesis Inteligentes.pdf:pdf},
journal = {Revista Digital Universitaria N{\'{u}}mero},
keywords = {Actuadores,Materiales inteligentes,Mioel{\'{e}}ctrico,Palabras clave,Pr{\'{o}}tesis,Robots},
number = {1},
pages = {1067--6079},
title = {{Rob{\'{o}}tica Y Pr{\'{o}}tesis Inteligentes}},
url = {http://www.revista.unam.mx/vol.6/num1/art01/int01.htm},
volume = {18},
year = {2004}
}
@misc{Nicka,
author = {Nick, Lievendag},
title = {{3D Printing Filament Guide 2017: ABS vs PLA vs many materials}},
url = {http://nicklievendag.com/filament-guide/}
}
@article{Gracia2015a,
author = {Gracia, Arnau Capell},
file = {:C$\backslash$:/Users/Miriam/AppData/Local/Mendeley Ltd./Mendeley Desktop/Downloaded/Gracia - 2015 - Design and Implementation of a.pdf:pdf},
keywords = {experiments,hybrid control,stability},
pages = {1--76},
title = {{Design and Implementation of a}},
year = {2015}
}
@misc{Antonya,
author = {Antony, Garc{\'{i}}a Gonz{\'{a}}lez},
title = {{¿Qu{\'{e}} es y c{\'{o}}mo funciona un servomotor?}},
url = {http://panamahitek.com/que-es-y-como-funciona-un-servomotor/}
}
@misc{Festoa,
author = {Festo},
title = {{Airic's{\_}arm}},
url = {https://www.festo.com/group/es/cms/10247.htm}
}
@misc{Agustina,
author = {Agust{\'{i}}n, Arnedo},
title = {{Materiales con memoria de forma, el Nitinol}},
url = {https://www.seas.es/blog/diseno{\_}mecanico/materiales-con-memoria-de-forma-el-nitinol/}
}
