Automatically generated by Mendeley Desktop 1.19.4
Any changes to this file will be lost if it is regenerated by Mendeley.

BibTeX export options can be customized via Options -> BibTeX in Mendeley Desktop

@article{Navarro-henriquez2014,
author = {Navarro-henr{\'{i}}quez, Francisco},
file = {:C$\backslash$:/Users/Miriam/Downloads/Dialnet-SensoresDeFibraOpticaFBGParaElMonitoreoDeLaSaludEs-5001534.pdf:pdf},
keywords = {fbg,interrogador {\'{o}}ptico,monitoreo de salud estructural,rejilla de fibra bragg,sensores de fibra {\'{o}}ptica,sensores fbg de esfuerzo,y vibraci{\'{o}}n},
number = {506},
pages = {3--13},
title = {{Sensores de fibra {\'{o}}ptica FBG para el monitoreo de la salud estructural de los puentes Structural Health Monitoring of Bridges with Fiber Bragg Grating Sensors}},
url = {https://dialnet.unirioja.es/descarga/articulo/5001534.pdf},
volume = {27},
year = {2014}
}
@book{To,
author = {To, Francis and Yu, So and Yin, Shizhuo},
file = {:C$\backslash$:/Users/Miriam/Desktop/TFMiri/Documentacion/fbg/Francis{\_}T.S.{\_}Yu{\_}Shizhuo{\_}Yin{\_}Fiber{\_}Optic{\_}SensorsBookFi.pdf:pdf},
isbn = {082470732X},
title = {{Fiber Optic Sensors edited by}},
url = {www.dekker.com}
}
@misc{Ramirez2018,
author = {Ramirez, Pedran},
title = {nucleo-fibra},
url = {https://fusicom.es/normativa-ict/nucleo-fibra/},
year = {2018}
}
