Automatically generated by Mendeley Desktop 1.19.4
Any changes to this file will be lost if it is regenerated by Mendeley.

BibTeX export options can be customized via Options -> BibTeX in Mendeley Desktop

@article{Navarro-henriquez2014,
author = {Navarro-henr{\'{i}}quez, Francisco},
file = {:C$\backslash$:/Users/Miriam/Downloads/Dialnet-SensoresDeFibraOpticaFBGParaElMonitoreoDeLaSaludEs-5001534.pdf:pdf},
keywords = {fbg,interrogador {\'{o}}ptico,monitoreo de salud estructural,rejilla de fibra bragg,sensores de fibra {\'{o}}ptica,sensores fbg de esfuerzo,y vibraci{\'{o}}n},
number = {506},
pages = {3--13},
title = {{Sensores de fibra {\'{o}}ptica FBG para el monitoreo de la salud estructural de los puentes Structural Health Monitoring of Bridges with Fiber Bragg Grating Sensors}},
url = {https://dialnet.unirioja.es/descarga/articulo/5001534.pdf},
volume = {27},
year = {2014}
}
@book{To,
author = {To, Francis and Yu, So and Yin, Shizhuo},
file = {:C$\backslash$:/Users/Miriam/Desktop/TFMiri/Documentacion/fbg/Francis{\_}T.S.{\_}Yu{\_}Shizhuo{\_}Yin{\_}Fiber{\_}Optic{\_}SensorsBookFi.pdf:pdf},
isbn = {082470732X},
title = {{Fiber Optic Sensors edited by}},
url = {www.dekker.com}
}
@book{YuvalNoahHarari2014,
address = {Toronto},
author = {{Yuval Noah Harari}},
title = {{Sapiens: a brief history of humankind}},
year = {2014}
}
@misc{Instruments,
author = {Instruments, National},
title = {{Â¿Qu{\'{e}} es LabVIEW?}},
url = {http://www.ni.com/es-es/shop/labview.html}
}
@article{Principles2008,
author = {Principles, Physical},
file = {:C$\backslash$:/Users/Miriam/Desktop/TFMiri/Documentacion/fbg/Paschotta-2008-Optik{\_}{\&}{\_}Photonik.pdf:pdf},
journal = {Optical Fiber Technology},
number = {2},
pages = {52--55},
title = {{Optical Fiber Technology Physical Principles and Applications of Different Types of Optical Fibers}},
year = {2008}
}
@misc{Ramirez2018,
author = {Ramirez, Pedran},
title = {nucleo-fibra},
url = {https://fusicom.es/normativa-ict/nucleo-fibra/},
year = {2018}
}
@book{Roychoudhuri2009,
abstract = {This module covers the first of two main divisions of basic optics-geometrical (ray) optics. Module 1.4 covers physical (wave) optics. Geometrical optics will help you understand the basics of light reflection and refraction and the use of simple optical elements, such as mirrors, prisms, lenses, and fibers. Physical optics will help you understand the phenomena of light wave interference, diffraction, and polarization; the use of thin-film coatings on mirrors to enhance or suppress reflection; and the operation of such devices as gratings and quarter-wave plates.},
author = {Roychoudhuri, Chandrasekhar and Pedrotti, Leno},
booktitle = {Fundamentals of Photonics},
doi = {10.1117/3.784938.ch3},
file = {:C$\backslash$:/Users/Miriam/Desktop/TFMiri/Documentacion/fbg/00 STEP Module 03.pdf:pdf},
isbn = {6095736250},
pages = {73--116},
title = {{Basic Geometrical Optics}},
year = {2009}
}
