% This file was created with JabRef 2.10.
% Encoding: Cp1252

@Standard{ictus_def,
  Title                    = {Ictus},
  Organization             = {Observatorio del ictus},
  Url                      = {http://www.observatoriodelictus.com/index.php/que-es-un-ictus},
}

@Standard{ictus_datos,
  Title                    = {Datos de ictus Espa√±a},
  Organization             = {Naurocall},
  Url                      = {http://www.neurocall.es/en/ictus-eng/62-estadisticas-del-ictus.html},
}


@Standard{secuelas,
  Title                    = {Secuelas y complicaciones tras ictus},
  Url                      = {http://www.guiasalud.es/egpc/ictus_ap/resumida/apartado06/manejo_alta03.html},
}